<record><leader>00000cas a22000007a 4500</leader><controlfield tag="001">11055953</controlfield><controlfield tag="008">840815d19232014ncufr ne      0    0eng d</controlfield><datafield ind1=" " ind2=" " tag="010"><subfield code="a">sn 91068217 </subfield></datafield><datafield ind1=" " ind2=" " tag="040"><subfield code="a">NMF</subfield><subfield code="b">eng</subfield><subfield code="c">NMF</subfield><subfield code="d">NVJ</subfield><subfield code="d">NVK</subfield><subfield code="d">OCLCQ</subfield><subfield code="d">OCLCF</subfield><subfield code="d">NOC</subfield><subfield code="d">OCLCO</subfield><subfield code="d">NOC</subfield><subfield code="d">OCLCA</subfield></datafield><datafield ind1=" " ind2=" " tag="042"><subfield code="a">msc</subfield></datafield><datafield ind1=" " ind2=" " tag="043"><subfield code="a">n-us-nc</subfield></datafield><datafield ind1="0" ind2="0" tag="245"><subfield code="a">Barium messenger.</subfield></datafield><datafield ind1="1" ind2="3" tag="246"><subfield code="a">Barium Springs messenger</subfield><subfield code="f">Spring 1997-Fall 2002 ; Spring/Summer 2012-Fall/Winter 2014</subfield></datafield><datafield ind1=" " ind2="1" tag="264"><subfield code="a">Barium Springs, N.C. :</subfield><subfield code="b">Presbyterian Orphans' Home,</subfield><subfield code="c">1923-2014.</subfield></datafield><datafield ind1="3" ind2="1" tag="264"><subfield code="3">&lt;1962&gt;-2014:</subfield><subfield code="a">Barium Springs, N.C. :</subfield><subfield code="b">Barium Springs Home for Children</subfield></datafield><datafield ind1=" " ind2=" " tag="300"><subfield code="a">92 v. :</subfield><subfield code="b">ill., ports. ;</subfield><subfield code="c">28-40 cm.</subfield></datafield><datafield ind1=" " ind2=" " tag="310"><subfield code="a">Semiannual,</subfield><subfield code="b">Spring/Summer 2004-</subfield></datafield><datafield ind1=" " ind2=" " tag="321"><subfield code="a">Monthly,</subfield><subfield code="b">Nov., 1923-Dec. 1982</subfield></datafield><datafield ind1=" " ind2=" " tag="321"><subfield code="a">Bimonthly,</subfield><subfield code="b">Jan./Feb. 1983-July/Aug. 1985</subfield></datafield><datafield ind1=" " ind2=" " tag="321"><subfield code="a">Quarterly,</subfield><subfield code="b">Sept./Nov. 1985-Winter 2004</subfield></datafield><datafield ind1=" " ind2=" " tag="336"><subfield code="a">text</subfield><subfield code="b">txt</subfield><subfield code="2">rdacontent</subfield></datafield><datafield ind1=" " ind2=" " tag="337"><subfield code="a">unmediated</subfield><subfield code="b">n</subfield><subfield code="2">rdamedia</subfield></datafield><datafield ind1=" " ind2=" " tag="338"><subfield code="a">volume</subfield><subfield code="b">nc</subfield><subfield code="2">rdacarrier</subfield></datafield><datafield ind1="0" ind2=" " tag="362"><subfield code="a">Vol. 1, no. 1 (Nov., 1923)-v. 92, no. 2 (Fall/Winter 2014).</subfield></datafield><datafield ind1=" " ind2=" " tag="500"><subfield code="a">Title fluctuates.</subfield></datafield><datafield ind1=" " ind2=" " tag="588"><subfield code="a">Latest issue consulted: Vol. 92, no. 2 (Fall/Winter 2014).</subfield></datafield><datafield ind1="2" ind2="0" tag="610"><subfield code="a">Presbyterian Orphans' Home (Barium Springs, N.C.)</subfield><subfield code="v">Newspapers.</subfield></datafield><datafield ind1="2" ind2="0" tag="610"><subfield code="a">Barium Springs Home for Children</subfield><subfield code="v">Periodicals.</subfield></datafield><datafield ind1=" " ind2="0" tag="650"><subfield code="a">Orphanages</subfield><subfield code="z">North Carolina</subfield><subfield code="v">Newspapers.</subfield></datafield><datafield ind1=" " ind2="0" tag="651"><subfield code="a">Barium Springs (N.C.)</subfield><subfield code="v">Newspapers.</subfield></datafield><datafield ind1="2" ind2="7" tag="610"><subfield code="a">Presbyterian Orphans' Home (Barium Springs, N.C.)</subfield><subfield code="2">fast</subfield><subfield code="0">(OCoLC)fst00727871</subfield></datafield><datafield ind1=" " ind2="7" tag="650"><subfield code="a">Orphanages.</subfield><subfield code="2">fast</subfield><subfield code="0">(OCoLC)fst01048423</subfield></datafield><datafield ind1=" " ind2="7" tag="651"><subfield code="a">North Carolina.</subfield><subfield code="2">fast</subfield><subfield code="0">(OCoLC)fst01204304</subfield></datafield><datafield ind1=" " ind2="7" tag="651"><subfield code="a">North Carolina</subfield><subfield code="z">Barium Springs.</subfield><subfield code="2">fast</subfield><subfield code="0">(OCoLC)fst01890808</subfield></datafield><datafield ind1=" " ind2="7" tag="655"><subfield code="a">Newspapers.</subfield><subfield code="2">fast</subfield><subfield code="0">(OCoLC)fst01423814</subfield></datafield><datafield ind1="2" ind2=" " tag="710"><subfield code="a">Presbyterian Orphans' Home (Barium Springs, N.C.),</subfield><subfield code="e">issuing body.</subfield></datafield><datafield ind1="2" ind2=" " tag="710"><subfield code="a">Barium Springs Home for Children,</subfield><subfield code="e">issuing body.</subfield></datafield><datafield ind1=" " ind2=" " tag="752"><subfield code="a">United States</subfield><subfield code="b">North Carolina</subfield><subfield code="c">Iredell</subfield><subfield code="d">Barium Springs.</subfield></datafield><datafield ind1="0" ind2="0" tag="780"><subfield code="t">Our fatherless ones</subfield><subfield code="w">(DLC)sn 91068216</subfield></datafield><datafield ind1="0" ind2="0" tag="785"><subfield code="a">Children's Hope Alliance.</subfield><subfield code="t">Journey</subfield><subfield code="w">(OCoLC)915557435</subfield></datafield><datafield ind1="4" ind2="1" tag="856"><subfield code="u">https://archive.org/search.php?sort=publicdate&amp;query=scanningcenter%3Achapelhill+AND+mediatype%3Atexts+AND+call_number%3Ab3010148</subfield><subfield code="3">Internet Archive, UNC Chapel Hill copy</subfield></datafield><datafield ind1="1" ind2=" " tag="029"><subfield code="a">AU@</subfield><subfield code="b">000020687584</subfield></datafield></record>